@STRING{ICRA = {Proc. International Conference on Robotics and Automation, ICRA}}
@STRING{IROS = {Proc. International Conference on Intelligent Robots and Systems, IROS}}
@STRING{RSS = {Proc. Robotics: Science and Systems, RSS}}

@MISC{d7.2,
author = {TERESA Consortium},
title = {{Deliverable D7.2: Data Specification}},
note = {\\\url{http://communities.uva.nl/access/content/group/af5bff0c-183a-4bb6-aa07-404d3b41a8d2/ documents/D7\_2\_Data\%20Specification\_TERESA.pdf}}
}

@MISC{d6.3,
author = {TERESA Consortium},
title = {{Deliverable D6.3: First version of semi-autonomous telepresence system}},
note = {\\\url{http://teresaproject.eu/wp-content/uploads/2015/03/D6\_3\_FirstVersionOfSemi-AutoTelepresenceSystem\_TERESA.pdf}}}
}

@MISC{d3.1,
author = {TERESA Consortium},
title = {{Deliverable D3.1: Normative Behavior Report}},
note = {\\\url{http://teresaproject.eu/wp-content/uploads/2015/03/D3\_1\_NormativeBehaviourReport\_TERESA.pdf}}}
}

@INPROCEEDINGS{riskRRT, 
author={Rios-Martinez, J. and Spalanzani, A. and Laugier, C.}, 
booktitle={Intelligent Robots and Systems (IROS), 2011 IEEE/RSJ International Conference on}, 
title={Understanding human interaction for probabilistic autonomous navigation using Risk-RRT approach}, 
year={2011}, 
month={Sept}, 
pages={2014-2019}, 
keywords={human-robot interaction;mobile robots;path planning;probability;risk management;Risk-RRT approach;collision risk;disturbance risk;human interaction;mobile service robotics;personal assistance;probabilistic autonomous navigation;risk-based navigation method;robot navigation systems;social conventions;Collision avoidance;Gaussian processes;Humans;Mobile robots;Navigation;Trajectory;Human aware navigation;Proxemics;risk assessment}, 
doi={10.1109/IROS.2011.6094496}, 
ISSN={2153-0858},}

@article{LavKuf01b,
  author={S. M. LaValle and J. J. Kuffner},
  title={Randomized Kinodynamic Planning},
  journal = {International Journal of Robotics Research},
  volume = {20},
  number = {5},
  pages={378-400},
  month = {May}, 
  year={2001}
}

@inproceedings{LavKuf00,
  author={S. M. LaValle and J. J. Kuffner},
  title={Rapidly-Exploring Random Trees: Progress and Prospects},
  booktitle={Proceedings Workshop on the Algorithmic Foundations of Robotics}, 
  year={2000}
}

@TECHREPORT{Lavalle98rrts,
    author = {Steven M. Lavalle},
    title = {Rapidly-Exploring Random Trees: A New Tool for Path Planning},
    institution = {},
    year = {1998}
}

@inproceedings{Jaillet08,
    address = {Nice, France},
    author = {Jaillet, L. and Cort\'{e}s, J. and Sim\'{e}on, T.},
    booktitle = {IEEE/RSJ International Conference on Intelligent Robots and Systems, IROS},
    citeulike-article-id = {6221982},
    keywords = {akin, cost-based-planning, rrt},
    month = sep,
    posted-at = {2009-11-27 10:54:21},
    priority = {0},
    title = {{Transition-based RRT for path planning in continuous cost spaces}},
    year = {2008}
}

@book{LaValle:2006,
 author = {LaValle, Steven M.},
 title = {Planning Algorithms},
 year = {2006},
 isbn = {0521862051},
 publisher = {Cambridge University Press},
 note = {Available at http://planning.cs.uiuc.edu/},
 address = {New York, NY, USA},
}

@article{RRTstar2011,
  author    = {Sertac Karaman and
               Emilio Frazzoli},
  title     = {Sampling-based Algorithms for Optimal Motion Planning},
  journal   = {CoRR},
  volume    = {abs/1105.1186},
  year      = {2011},
  url       = {http://arxiv.org/abs/1105.1186},
  timestamp = {Mon, 05 Dec 2011 18:05:32 +0100},
  biburl    = {http://dblp.uni-trier.de/rec/bib/journals/corr/abs-1105-1186},
  bibsource = {dblp computer science bibliography, http://dblp.org}
}

@inproceedings{riosmartinez:inria-00633896,
  TITLE = {{Understanding human interaction for probabilistic autonomous navigation using Risk-RRT approach}},
  AUTHOR = {Rios-Martinez, Jorge and Laugier, Christian and Spalanzani, Anne},
  URL = {https://hal.inria.fr/inria-00633896},
  BOOKTITLE = {{IEEE/RSJ International Conference on Intelligent Robots and Systems}},
  ADDRESS = {San Francisco, United States},
  YEAR = {2011},
  MONTH = Sep,
  KEYWORDS = {risk assessment ; Proxemics ; Human aware navigation ; risk assessment.},
  HAL_ID = {inria-00633896},
  HAL_VERSION = {v1},
}


@book{vapnik1998statistical,
  title={Statistical learning theory},
  author={Vapnik, Vladimir Naumovich and Vapnik, Vlamimir},
  volume={1},
  year={1998},
  publisher={Wiley New York}
}

@article{friedman2001greedy,
  title={Greedy function approximation: a gradient boosting machine},
  author={Friedman, Jerome H},
  journal={Annals of statistics},
  pages={1189--1232},
  year={2001},
  publisher={JSTOR}
}

@inproceedings{knox2014learning,
  title={Learning Social Interaction from the Wizard: A Proposal},
  author={Knox, W Bradley and Spaulding, Samuel and Breazeal, Cynthia},
  booktitle={Workshops at the Twenty-Eighth AAAI Conference on Artificial Intelligence},
  year={2014}
}


@inproceedings{ratliff2006maximum,
  title={Maximum margin planning},
  author={Ratliff, Nathan D and Bagnell, J Andrew and Zinkevich, Martin A},
  booktitle={Proceedings of the 23rd international conference on Machine learning},
  pages={729--736},
  year={2006},
  organization={ACM}
}

@inproceedings{ziebart2008maximum,
  title={Maximum Entropy Inverse Reinforcement Learning.},
  author={Ziebart, Brian D and Maas, Andrew L and Bagnell, J Andrew and Dey, Anind K},
  booktitle={AAAI},
  pages={1433--1438},
  year={2008}
}

@article{ziebart2010modeling,
  title={Modeling interaction via the principle of maximum causal entropy},
  author={Ziebart, Brian D and Bagnell, J Andrew and Dey, Anind K},
  year={2010}
}

@article{ratliff2009learning,
  title={Learning to search: structured prediction techniques for imitation learning},
  author={Ratliff, Nathan D and Kuffner, James and Ng, Andrew},
  year={2009},
  publisher={Citeseer}
}

@inproceedings{henry2010learning,
  title={Learning to navigate through crowded environments},
  author={Henry, Peter and Vollmer, Christian and Ferris, Brian and Fox, Dieter},
  booktitle={Robotics and Automation (ICRA), 2010 IEEE International Conference on},
  pages={981--986},
  year={2010},
  organization={IEEE}
}

@article{freund1997decision,
  title={A decision-theoretic generalization of on-line learning and an application to boosting},
  author={Freund, Yoav and Schapire, Robert E},
  journal={Journal of computer and system sciences},
  volume={55},
  number={1},
  pages={119--139},
  year={1997},
  publisher={Elsevier}
}

@inproceedings{vasquez2014inverse,
  title={Inverse Reinforcement Learning algorithms and features for robot navigation in crowds: An experimental comparison},
  author={Vasquez, Dizan and Okal, Billy and Arras, Kai O},
  booktitle={Intelligent Robots and Systems (IROS 2014), 2014 IEEE/RSJ International Conference on},
  pages={1341--1346},
  year={2014},
  organization={IEEE}
}

@book{barto1998reinforcement,
  title={Reinforcement learning: An introduction},
  author={Barto, Andrew G},
  year={1998},
  publisher={MIT press}
}


@inproceedings{ng2000algorithms,
  title={Algorithms for inverse reinforcement learning.},
  author={Ng, Andrew Y and Russell, Stuart J and others},
  booktitle={Icml},
  pages={663--670},
  year={2000}
}

@inproceedings{Basu02semi-supervisedclustering,
    author = {Sugato Basu and Arindam Banerjee and R. Mooney},
    title = {Semi-supervised Clustering by Seeding},
    booktitle = {In Proceedings of 19th International Conference on Machine Learning (ICML-2002},
    year = {2002}
}

@phdthesis{ziebart2010modelingthesis,
  title={Modeling purposeful adaptive behavior with the principle of maximum causal entropy},
  author={Ziebart, Brian D.},
  year={2010},
  school={Carnegie Mellon University}
}

@book{dewit2012,
  title={Theory of robot control},
  author={de Wit, Carlos Canudas and Siciliano, Bruno and Bastin, Georges},
  year={2012},
  publisher={Springer Science \& Business Media}
}

@book{puterman2014markov,
  title={Markov decision processes: discrete stochastic dynamic programming},
  author={Puterman, Martin L.},
  year={2014},
  publisher={John Wiley \& Sons}
}

@inproceedings{vlassis2009model,
  title={Model-free reinforcement learning as mixture learning},
  author={Vlassis, Nikos and Toussaint, Marc},
  booktitle={Proceedings of the 26th Annual International Conference on Machine Learning},
  pages={1081--1088},
  year={2009},
  organization={ACM}
}

@inproceedings{tsochantaridis2005large,
  title={Large margin methods for structured and interdependent output variables},
  author={Tsochantaridis, Ioannis and Joachims, Thorsten and Hofmann, Thomas and Altun, Yasemin},
  booktitle={Journal of Machine Learning Research},
  pages={1453--1484},
  year={2005}
}

@book{cassandras2010des,
 author = {Cassandras, Christos G. and Lafortune, Stephane},
 title = {Introduction to Discrete Event Systems},
 year = {2010},
 isbn = {1441941193, 9781441941190},
 edition = {2nd},
 publisher = {Springer Publishing Company, Incorporated},
} 

@article{kumar1992algorithms,
  title={Algorithms for constraint-satisfaction problems: A survey},
  author={Kumar, Vipin},
  journal={AI magazine},
  volume={13},
  number={1},
  pages={32},
  year={1992}
}

@inproceedings{witwicki2014testbed,
  title={A testbed for autonomous robot surveillance},
  author={Witwicki, Stefan J. and Castillo, Jos{\'e} Carlos and Capit{\'a}n, Jes{\'u}s and Messias, Jo{\~a}o V. and Reis, Jo{\~a}o C. and Lima, Pedro U. and Melo, Francisco S. and Spaan, Matthijs T. J.},
  booktitle={Proceedings of the 2014 international conference on Autonomous agents and multi-agent systems},
  pages={1635--1636},
  year={2014},
  organization={International Foundation for Autonomous Agents and Multiagent Systems}
}

@article{foka2007real,
  title={Real-time hierarchical POMDPs for autonomous robot navigation},
  author={Foka, Amalia and Trahanias, Panos},
  journal={Robotics and Autonomous Systems},
  volume={55},
  number={7},
  pages={561--571},
  year={2007},
  publisher={Elsevier}
}
